1892 3167
316 75 388 136 de
417 73 942 162 Approbatt'onibus
973 72 1319 139 Librorum.
1378 90 1450 157 71

223 160 449 243 bonica
511 157 812 241 assumpti.
919 158 1042 223 Sed
1104 160 1463 241 irrequietus

229 242 567 313 Duvallius
619 244 680 307 in
713 246 826 309 hac
855 242 979 307 fide
1010 264 1139 309 non
1188 243 1459 313 substitit.

233 326 365 391 Has
399 329 622 410 quippe
655 329 854 393 literas
875 324 1097 413 Regias
1129 326 1491 393 acceffione=

229 412 535 477 cumulari
589 414 826 475 curavit
885 432 1103 475 annuae
1163 411 1465 493 pensionis

229 496 322 561 bis
359 498 531 560 mille
590 498 933 561 libellarum
996 496 1264 579 partitim
1308 497 1464 560 inter

229 595 496 661 quatuor
526 576 843 646 Doc}0res
867 580 1113 667 singulis
1157 582 1329 645 annis
1372 579 1466 643 di·-

231 664 737 730 stribuendarum.
827 664 927 741 ¹At
958 664 1109 729 vero
1140 679 1271 747 quo
1306 679 1465 727 tem-

231 768 388 830 pore
419 746 722 829 Syndicus
745 747 818 809 de
849 747 1018 830 Beffe
1050 750 1153 813 has
1188 749 1467 812 molitio·

235 852 348 896 nes
380 833 431 896 F
435 832 682 895 acuitati
733 835 1071 912 exploratas
1119 833 1323 911 palam
1366 850 1469 894 ex·

235 914 440 995 posuit
482 961 505 994 ‚
591 914 884 989 Kalendis
932 914 1191 999 Augusti
1237 962 1256 993 ,
1326 914 1471 977 anni

235 1016 566 1065 uncxxtv.
583 998 828 1064 Omnes
862 999 1103 1064 attoniti
1125 998 1474 1061 exstiterunt

237 1079 552 1150 Doctores
567 1104 637 1148 ac
655 1082 963 1166 stupefacti
993 1084 1324 1167 opprobrio
1341 1100 1473 1163 quo

235 1169 484 1243 avaritia
529 1168 832 1253 ejusmodi
893 1168 1266 1234 selectorum
1316 1164 1475 1231 Exa-

237 1255 620 1318 minatorum
655 1252 1183 1317 conduffitiorum
1226 1252 1285 1315 ὅ(
1320 1251 1475 1316 Gle-

235 1338 328 1401 1>ae
371 1336 793 1417 adstriEiorum
823 1336 1313 1418 inquinabantur.
1400 1336 1474 1403 In

237 1423 613 1486 memoriam
647 1423 1015 1486 revocabant
1044 1421 1349 1485 sordidam
1380 1441 1475 1485 re-

239 1506 478 1589 pulsam
523 1524 745 1569 eorum
795 1505 900 1586 qui
949 1504 1205 1569 foenoris
1254 1520 1477 1569 contu·

240 1590 426 1655 melia
445 1588 644 1655 affecti
674 1605 955 1671 tempore
969 1588 1223 1654 Heu-rici
1244 1586 1359 1655 -Vl
1371 1588 1409 1649 I
1424 1590 1475 1655 I.

243 1672 496 1761 Magnae
525 1674 850 1739 Britanniae
887 1671 1074 1759 Regis
1109 1714 1138 1752 ‚-
1196 1693 1309 1737 aere
1340 1672 1475 1753 ejus

241 1760 441 1826 allefii
475 1761 536 1825 &
567 1758 759 1823 delufi-
793 1756 1233 1823 consultationi
1256 1756 1368 1821 suo
1387 1758 1479 1823 di-

240 1847 450 1911 vortio
496 1844 766 1927 propitiae
810 1842 1274 1925 subscripserant
1320 1888 1339 1919 ,
1400 1842 1479 1906 de

239 1944 366 2011 qua
398 1930 784 1995 mentionem
828 1928 974 1992 facit
1019 1926 1376 2008 probrosam
1420 1926 1479 1991 δι

243 2014 646 2095 turpiffimam
675 2012 951 2095 Magnus
981 2013 1247 2093 Jacobus
1270 2004 1481 2096 Auguss
1590 2049 1603 2060 ·

229 2099 364 2181 stus
409 2093 698 2162 Thuanus
747 2096 1161 2181 Augustiffimi
1221 2092 1477 2161 Senatfis

243 2184 456 2264 praeses
515 2182 807 2247 infulatus
874 2181 1101 2245 Histor.
1166 2177 1361 2243 Libro
1416 2200 1467 2244 t.

244 2284 381 2365 ppg.
418 2290 515 2355 23.
579 2268 656 2332 de
691 2284 814 2347 qua
843 2264 1023 2349 supra
1065 2282 1331 2329 numero
1362 2279 1481 2327 tet·

251 2364 363 2412 tio,

337 2432 427 2496 At
458 2435 608 2498 vero
637 2446 768 2519 qu'o
815 2446 1096 2517 tempore
1142 2444 1236 2509 tot
1268 2449 1483 2493 rumo-

244 2536 344 2583 res
362 2520 702 2585 excitabant
737 2523 810 2584 in·
831 2522 1147 2585 Facilitate
1177 2514 1480 2599 Parifienii

247 2606 434 2695 litcrae
465 2600 672 2693 Regiae
717 2606 826 2673 seu
855 2604 1215 2689 diplomata·
1235 2596 1481 2749 Βοᾷιξο·

265 2746 269 2752 .
349 2734 356 2743 .
774 2722 782 2735 ·
1318 2704 1368 2749 tt
1413 2703 1485 2756 us
