1892 3167
440 103 529 173 70
693 85 1038 176 Disqusfitio
1069 86 1161 152 Hi
1211 88 1370 152 or't‘cae
1433 97 1442 103 ’
1553 95 1562 111 ”

438 173 637 256 poenis
684 175 917 237 aeternis
966 172 1268 236 devotum
1297 186 1402 236 aut
1434 172 1680 238 manci-⁶.
1767 201 1770 206 ·

438 274 655 340 patum
684 258 789 339 qui
828 257 972 338 jura
1016 255 1334 324 Pontificis
1376 257 1669 323 adversus

438 341 805 405 Concilium
850 340 1204 405 defenderet
1249 389 1269 420 ,
1331 340 1678 405 Dumium,
1769 369 1772 372 ·

435 426 745 490 favoribus
790 428 943 488 aulae
991 424 1356 506 praestantior
1400 440 1468 490 ut
1511 427 1676 488 hano

437 515 643 594 legem
675 509 727 573 F
730 509 1008 573 acultatis
1037 510 1374 573 invalidam
1405 509 1462 572 ἃ
1495 528 1674 589 pror·

436 593 537 657 sus
582 599 823 658 nullam
868 591 1147 656 redderet
1187 592 1374 675 seque
1414 591 1668 673 propiio

436 679 673 760 pietatis
710 690 892 762 motu
924 697 998 741 ac
1028 675 1372 762 Religionis
1416 678 1480 739 in
1524 693 1670 738 orn-

436 763 617 826 nium
644 760 947 829 librorum
979 761 1348 843 impreffioni
1365 760 1670 825 obnoxio-

435 865 579 910 rum
612 847 933 911 dominatu
967 845 1355 911 constitueret
1389 865 1460 908 ac
1478 846 1666 926 praelo

434 933 691 996 maturis
736 931 1256 996 lucubrationibus
1301 930 1550 1002 felicem
1579 927 1672 990 vi·

436 1029 567 1080 tam
600 1030 703 1079 aut
734 1013 963 1077 tristem
1007 1014 1324 1078 interitum
1353 1025 1460 1076 aut
1490 1015 1672 1076 abor·-

431 1113 572 1164 tum
619 1117 943 1179 procurare
974 1094 1164 1176 poffer
1199 1098 1398 1178 sicque
1425 1109 1668 1158 tort-en-

379 1221 383 1225 -
432 1185 517 1245 tia
552 1183 806 1247 flumina
839 1179 1181 1245 Librorum
1202 1181 1428 1263 quibus
1463 1180 1538 1242 ab
1557 1176 1670 1242 ad·

428 1265 701 1331 versariis
718 1267 1174 1349 immergendus
1205 1279 1337 1333 erat,
1356 1263 1670 1326 cohiberet
1772 1299 1778 1307 ·

431 1366 537 1422 aut
568 1347 878 1430 fraenaret,
923 1352 1124 1414 literas
1156 1370 1302 1432 quas
1319 1359 1544 1412 vocant
1562 1365 1667 1426 pa-

420 1449 631 1498 tentes
664 1435 768 1498 seu
799 1435 1141 1516 diplomata
1183 1434 1283 1500 fibi
1319 1431 1714 1515 procuravit<
1805 1473 1812 1477 -

388 1595 393 1598 ,
434 1519 469 1583 ὲ
518 1517 689 1605 Rege
735 1519 1232 1583 Christianiffimo
1279 1518 1402 1582 dari
1448 1516 1669 1597 quib-us

436 1605 537 1668 fibi
569 1605 998 1684 imponebatur
1045 1603 1354 1686 tribusque
1403 1602 1532 1664 aliis
1579 1599 1670 1666 sea

436 1687 607 1753 leffis
641 1687 1024 1752 Do&oribus
1057 1689 1340 1752 officium
1369 1732 1387 1764 ‚
1435 1687 1493 1748 δε
1525 1703 1668 1747 mu-

434 1791 554 1837 nus
587 1772 828 1858 legendi
860 1772 918 1836 &
953 1772 1340 1836 examinandi
1369 1769 1558 1834 libros
1591 1769 1669 1832 do

435 1877 503 1922 re
533 1855 923 1938 Theologica
965 1855 1283 1922 traetantes
1311 1903 1329 1934 ‚
1383 1852 1669 1935 postposi-

436 1944 511 2004 tis
545 1941 673 2004 aliis
704 1943 924 2022 quibus
971 1960 1102 2004 non
1137 1941 1535 2004 amovebatur
1579 1937 1671 2002 fa-

437 2030 633 2088 cultas
676 2025 782 2090 seu
817 2028 1054 2090 libertas
1095 2026 1516 2106 approbandi,
1558 2019 1668 2085 sed

436 2109 681 2190 prorsus
715 2129 908 2174 vacua
938 2109 998 2172 &
1029 2111 1261 2174 inutilis
1307 2109 1382 2172 ad
1417 2123 1670 2184 compa-

436 2192 691 2256 randam
736 2195 994 2277 gratiam
1055 2193 1356 2276 Privilegii
1401 2193 1506 2256 seu
1550 2193 1672 2253 im·-

438 2275 747 2358 preffionis
784 2278 841 2341 ὅτ
871 2275 1318 2362 Typographiae
1363 2279 1672 2357 relinque-

436 2365 631 2426 batur.
677 2360 837 2425 Tres
869 2362 1162 2426 Davallio
1193 2361 1463 2444 adjunffi
1494 2359 1674 2426 Doe-

438 2461 603 2510 tores
634 2465 784 2529 curn
816 2449 1294 2528 approbatorum
1327 2448 1538 2511 officio
1557 2466 1672 2509 no-

437 2545 583 2593 men
608 2549 726 2610 prae
755 2531 819 2596 -se
848 2531 1118 2597 ferebant
1150 2532 1485 2686 Qgaeedarnq
1505 2529 1672 2606 Mes·

422 2613 549 2694 fier
587 2615 645 2680 ἀ
678 2616 749 2679 de
784 2613 1052 2711 SaPese
1079 2637 1154 2684 ex
1215 2613 1673 2766 'ocietatebSort-

680 2739 693 2745 -
1537 2717 1678 2765 om-

1878 2735 1879 2756 ᾼ
1877 2711 1879 2718 .
1865 2642 1879 2656 ξ
1843 2423 1880 2563 Ιωιδὲ
1874 2277 1879 2378 ..ὲ-.-
